@article{dataset,
author={Schler, Jonathan and Koppel, Moshe and Argamon, Shlomo and Pennebaker, James},
year="2006",
title="Effects of Age and Gender on Blogging",
journal="Proceedings of 2006 AAAI Spring Symposium on Computational Approaches for Analyzing Weblogs",
address="Stanford, USA"
}

@article{rnn,
author={Moon, Tim and Liu, Eric},
year="2016",
title="Using Feedforward and Recurrent Neural Networks to Predict a Bloggerâ€™s Age",
url="https://cs224d.stanford.edu/reports/tym1.pdf"
}
