@article{dataset,
author={Schler, Jonathan, Moshe Koppel, Shlomo Argamon and James Pennebaker},
year="2006",
title="Effects of Age and Gender on Blogging",
journal="Proceedings of 2006 AAAI Spring Symposium on Computational Approaches for Analyzing Weblogs",
address="Stanford, USA"
}
